% ------------------------------------------------------------------------
% IISE Transactions BIBLIOGRAPHY FILE
% ------------------------------------------------------------------------
@misc{Security,
author = {Security, Justice, and Peace},
title = {Bulletin Ranking 2019 of the 50 Most Violent Cities in the World},
Month = June,
yeah = {2020},
howpublished={\url{http://www.seguridadjusticiaypaz.org.mx/sala-de-prensa/1590-boletin-ranking-2019-de-las-50-ciudades-mas-violentas-del-mundo}}
}

@misc{Secretariat97-17,
author = {},
title = {Executive Secretary of the National Public Security System of Government (2018) Tasas por cada 100 mil Habitantes},
Month = January,
yeah = {2018},
howpublished={\url{https://secretariadoejecutivo.gob.mx//docs/pdfs/tasas%20por%20cada%20100%20mil%20habitantes/Tasas122017.pdf}}
}

@misc{Seguridad,
author = {},
title = {Secretariat of Security and Citizen Protection Incidencia Delictiva del Fuero Comun (2019)},
Month = January,
year = {},
howpublished={\url{https://drive.google.com/file/d/1F7MFakuXBlNAEJtMFAQWIBxE8quVLjZZ/view}}
}

@misc{Seguridad2018,
author = {},
title = {Secretariat of Security and Citizen Protection Incidencia Delictiva del Fuero Comun (2018)},
Month = January,
year = {},
howpublished={\url{https://secretariadoejecutivo.gob.mx//docs/pdfs/nueva-metodologia/CNSP-Delitos-2018_dic18.pdf}}
}

@misc{Seguridad2020,
author = {},
title = {Secretariat of Security and Citizen Protection Incidencia Delictiva del Fuero Comun (2021)},
Month = January,
year = {},
howpublished={\url{https://drive.google.com/file/d/1IAsT34UrJ85b4z8RkQGYlt8yU5c0rMPS/view}}
}

@misc{Krogstad,
author = {Jens Manuel Krogstad},
title = {(5 Facts About Illegal Immigration in the U.S. \emph{Pew Research} },
Month = June,
year = {2019},
howpublished={\url{https://www.pewresearch.org/fact-tank/2019/06/12/5-facts-about-illegal-immigration-in-the-u-s/}}
}

@misc{O'Dowd,
author = {Peter O'Dowd},
title = {Why Avocados Attract Interest of Mexican Drug Cartels, WBUR },
Month = February,
year = {2020},
howpublished={\url{https://www.wbur.org/hereandnow/2020/02/07/avocados-mexican-drug-cartels}}
}

@misc{Osoyo,
author = {Ariel Osoyo},
title = {Avocado Annual \emph{United States Department of Agriculture} },
Month = September,
year = {2020},
howpublished={\url{https://apps.fas.usda.gov/newgainapi/api/Report/DownloadReportByFileName?fileName=Avocado%20Annual_Mexico%20City_Mexico_12-01-2020}}
}

@misc{erickson2020blood,
  title={Blood Avocados: Cartel Violence Over Licit Industries in Mexico},
  author={Erickson, Megan and Owen, Lucas},
  year={2020}
}

@article{dube2016maize,
  title={From maize to haze: Agricultural shocks and the growth of the mexican drug sector},
  author={Dube, Oeindrila and Garc{\'\i}a-Ponce, Omar and Thom, Kevin},
  journal={Journal of the European Economic Association},
  volume={14},
  number={5},
  pages={1181--1224},
  year={2016},
  publisher={Oxford University Press}
}

@article{leenen2014temporal,
  title={Temporal and geographic trends in homicide and suicide rates in Mexico, from 1998 through 2012},
  author={Leenen, Iwin and Cervantes-Trejo, Arturo},
  journal={Aggression and violent behavior},
  volume={19},
  number={6},
  pages={699--707},
  year={2014},
  publisher={Elsevier}
}

@article{gamlin2015violence,
  title={Violence and homicide in Mexico: a global health issue},
  author={Gamlin, Jennie},
  journal={The Lancet},
  volume={385},
  number={9968},
  pages={605--606},
  year={2015},
  publisher={Elsevier}
}

@article{lopez2014narcotrafico,
  title={Narcotr{\'a}fico y territorios en conflicto en M{\'e}xico},
  author={L{\'o}pez, Emilio Daniel Cunjama and Huitr{\'o}n, Alan Garc{\'\i}a},
  journal={El cotidiano},
  number={184},
  pages={99--111},
  year={2014},
  publisher={Universidad Aut{\'o}noma Metropolitana Unidad Azcapotzalco}
}

@article{lopez2014narcotrafico,
  title={Narcotr{\'a}fico y territorios en conflicto en M{\'e}xico},
  author={L{\'o}pez, Emilio Daniel Cunjama and Huitr{\'o}n, Alan Garc{\'\i}a},
  journal={El cotidiano},
  number={184},
  pages={99--111},
  year={2014},
  publisher={Universidad Aut{\'o}noma Metropolitana Unidad Azcapotzalco}
}

@article{briceno2008understanding,
  title={Understanding the uneven distribution of the incidence of homicide in Latin America},
  author={Brice{\~n}o-Le{\'o}n, Roberto and Villaveces, Andr{\'e}s and Concha-Eastman, Alberto},
  journal={International journal of epidemiology},
  volume={37},
  number={4},
  pages={751--757},
  year={2008},
  publisher={Oxford University Press}
}

@article{dell2019violent,
  title={The violent consequences of trade-induced worker displacement in mexico},
  author={Dell, Melissa and Feigenberg, Benjamin and Teshima, Kensuke},
  journal={American Economic Review: Insights},
  volume={1},
  number={1},
  pages={43--58},
  year={2019}
}

@article{beittel2015mexico,
  title={Mexico: Organized crime and drug trafficking organizations},
  author={Beittel, June S},
  journal={Congressional Research Service},
  volume={3},
  year={2015}
}


@misc{Economia,
author = {},
title = {Secretariat of Economy (2021) DataMexico},
Month = October,
yeah = {2021},
howpublished={\url{https://datamexico.org/en}}
}

@misc{Wage,
author = {},
title = {National Survey of Occupation and Employment (2021) DataMexico},
Month = October,
yeah = {2021},
howpublished={\url{https://datamexico.org/en}}
}

@misc{CPI,
author = {World Bank},
title = {Mexico (2021) \emph{WorldBank},
Month = January,
yeah = {2021},
howpublished={https://data.worldbank.org/country/mexico}}
}

@article{south1985unemployment,
  title={Unemployment and the homicide rate: A paradox resolved?},
  author={South, Scott J and Cohen, Lawrence E},
  journal={Social Indicators Research},
  volume={17},
  number={4},
  pages={325--343},
  year={1985},
  publisher={Springer}
}